@misc{WOM,
	title = {{The history of word of mouth marketing.}},
	howpublished = {\url{http://www.thefreelibrary.com/The history of word of mouth marketing.-a0134908667}},
	note = {Date:	Jul 1, 2005}
}

@misc{Tomcat,
	title = {{Apache Tomcat 8}},
	howpublished = {\url{http://tomcat.apache.org/tomcat-8.0-doc/index.html}}, 
	note = {Date: }
}

@misc{Hibernate,
	title = {{Hibernate ORM 4}},
	howpublished = {\url{http://hibernate.org/orm/}}
}

@misc{SpringMVC,
	title = {{Spring MVC}},
	howpublished = {\url{http://docs.spring.io/autorepo/docs/spring/3.2.x/spring-framework-reference/html/mvc.html}}
}

@misc{Dispatcher,
	title = {{DispatcherServlet}},
	howpublished = {\url{http://docs.spring.io/spring/docs/current/javadoc-api/org/springframework/web/servlet/DispatcherServlet.html}}	
}

@misc{HandlerMapping,
	title = {{HandlerMapping}},
	howpublished = {\url{http://docs.spring.io/spring/docs/3.2.6.RELEASE/javadoc-api/org/springframework/web/servlet/HandlerMapping.html}}	
}

@misc{XML, 
	title = {{XML Specification}}, 
	howpublished = {\url{http://www.w3.org/TR/REC-xml/}}
}

@misc{Bootstrap,
	title = {{Twitter Bootstrap}},
	howpublished = {\url{https://github.com/twbs/bootstrap}}	
}

@misc{CSS,
	title = {{CSS Specification}}, 
	howpublished = {\url{http://www.w3.org/TR/CSS2/}}
}

@misc{HTML,
	title = {{HTML Specification}},
	howpublished = {\url{http://www.w3.org/TR/html5/}}
}

@misc{ECMAS,
	title = {{ECMAScript 6 Specification}},
	howpublished = {\url{http://www.ecma-international.org/ecma-262/6.0/index.html}}	
}

@misc{GoogleMaps,
	title = {{Google Maps Reference}},
	howpublished = {\url{https://developers.google.com/maps/documentation/javascript/reference#Data}}	
}

@misc{HibernateAnnotations,
	title = {{Hibernate Annotations Reference}},
	howpublished = {\url{https://docs.jboss.org/hibernate/stable/annotations/reference/en/html_single/}}	
}

@misc{HibernateXML,
	title = {{https://docs.jboss.org/hibernate/orm/3.3/reference/en/html/xml.html}},
	howpublished = {\url{https://docs.jboss.org/hibernate/orm/3.3/reference/en/html/xml.html}}
}

@misc{Nielsen,
	title = {{81 Percent of online holiday shoppers read online customer reviews, Nielsen Online}},
	howpublished = {\url{http://www.nielsen.com/content/dam/corporate/us/en/\\newswire/uploads/2008/12/pr_081218.pdf}},
	note = {December 18, 2008}
}

@misc{Bansal,
	title = {{Word-of-Mouth Processes within a Services Purchase Decision Context}},
	howpublished = {\url{http://jsr.sagepub.com/content/3/2/166.abstract}},
	issue_date = {November, 2000},
	journal ={Journal of Service Research},
}

@misc{Kim,
	title = {{Automatically assessing review helpfulness. In Proceedings of the Conference on Empirical Methods in Natural Language Processing.}},
	howpublished = {\url{http://www.aclweb.org/anthology/W06-1650}},
	note = {Date: July 2006},
}

@misc{Brown, 
	authoer = "Barry Brown", 
	title = "Tourism and mobile technology", 
	howpublished = {\url{http://www.ecscw.org/2003/018Brown_ecscw03.pdf}},
	year = "2003"
}

@misc{Zhang,
	author = {Zhang, Richong and Tran, Thomas},
	title = {A Helpfulness Modeling Framework for Electronic Word-of-mouth on Consumer Opinion Platforms},
	journal = {ACM Trans. Intell. Syst. Technol.},
	issue_date = {April 2011},
	volume = {2},
	number = {3},
	month = may,
	year = {2011},
	issn = {2157-6904},
	pages = {23:1--23:18},
	articleno = {23},
	numpages = {18},
	url = {http://doi.acm.org/10.1145/1961189.1961195},
	doi = {10.1145/1961189.1961195},
	acmid = {1961195},
	publisher = {ACM},
	address = {New York, NY, USA},
	keywords = {Ranking, online product reviews, recommender systems},
} 

@misc{Ghose,
	author = {Ghose, Anindya and Ipeirotis, Panagiotis G.},
	title = {Designing Novel Review Ranking Systems: Predicting the Usefulness and Impact of Reviews},
	booktitle = {Proceedings of the Ninth International Conference on Electronic Commerce},
	series = {ICEC '07},
	year = {2007},
	isbn = {978-1-59593-700-1},
	location = {Minneapolis, MN, USA},
	pages = {303--310},
	numpages = {8},
	url = {http://doi.acm.org/10.1145/1282100.1282158},
	doi = {10.1145/1282100.1282158},
	acmid = {1282158},
	publisher = {ACM},
	address = {New York, NY, USA},
	keywords = {Web 2.0, consumer reviews, econometrics, electronic commerce, electronic markets, opinion mining, product review, sentiment analysis, text mining, user-generated content},
} 

@misc{Chaiken, 
	author = {Shelly Chaiken},
	howpublished = {\url{http://neuron4.psych.ubc.ca/~schaller/Psyc590Readings/Chaiken1980.pdf}},
	note = {Date: 1980},
	issue_date = {1980},
	journal = {Journal of Personality and Social Psychology},
}

@misc{Bart,
	author = {Yakov Bart, Venkatesh Shankar, Fareena Sultan, & Glen L. Urban}, 
	howpublished = {\url{http://ebusiness.mit.edu/urban/papers/are\\\%20the\%20drivers\%20and\%20role\%20\%28jppm\\\%202005\%29.pdf}},
	note = {Date: October 2005, Journal of Marketing},
}

@misc{Lim,
	author = {Lim, Ee-Peng and Nguyen, Viet-An and Jindal, Nitin and Liu, Bing and Lauw, Hady Wirawan},
	title = {Detecting Product Review Spammers Using Rating Behaviors},
	booktitle = {Proceedings of the 19th ACM International Conference on Information and Knowledge Management},
	series = {CIKM '10},
	year = {2010},
	isbn = {978-1-4503-0099-5},
	location = {Toronto, ON, Canada},
	pages = {939--948},
	numpages = {10},
	url = {http://doi.acm.org/10.1145/1871437.1871557},
	doi = {10.1145/1871437.1871557},
	acmid = {1871557},
	publisher = {ACM},
	address = {New York, NY, USA},
	keywords = {review spammer, spamming behavior},
} 

@misc{Krestel,
	author = {Krestel, Ralf and Dokoohaki, Nima},
	title = {Diversifying Product Review Rankings: Getting the Full Picture},
	booktitle = {Proceedings of the 2011 IEEE/WIC/ACM International Conferences on Web Intelligence and Intelligent Agent Technology - Volume 01},
	series = {WI-IAT '11},
	year = {2011},
	isbn = {978-0-7695-4513-4},
	pages = {138--145},
	numpages = {8},
	url = {http://dx.doi.org/10.1109/WI-IAT.2011.33},
	doi = {10.1109/WI-IAT.2011.33},
	acmid = {2052341},
	publisher = {IEEE Computer Society},
	address = {Washington, DC, USA},
	keywords = {Ranking, Topic Models, Summarization, Diversification, Review Recommendation},
} 

@misc{Ammar,
	author = {Ammar, Ammar and Shah, Devavrat},
	title = {Efficient Rank Aggregation Using Partial Data},
	journal = {SIGMETRICS Perform. Eval. Rev.},
	issue_date = {June 2012},
	volume = {40},
	number = {1},
	month = jun,
	year = {2012},
	issn = {0163-5999},
	pages = {355--366},
	numpages = {12},
	url = {http://doi.acm.org/10.1145/2318857.2254799},
	doi = {10.1145/2318857.2254799},
	acmid = {2254799},
	publisher = {ACM},
	address = {New York, NY, USA},
	keywords = {aggregation, maximum entropy, ranking},
} 

@misc{Dubey,
	author = {Dubey, Alpana and Kumar, Atul},
	title = {A Technique for Summarizing Web Reviews},
	booktitle = {Proceedings of the 2008 IEEE/WIC/ACM International Conference on Web Intelligence and Intelligent Agent Technology - Volume 01},
	series = {WI-IAT '08},
	year = {2008},
	isbn = {978-0-7695-3496-1},
	pages = {711--717},
	numpages = {7},
	url = {http://dx.doi.org/10.1109/WIIAT.2008.205},
	doi = {10.1109/WIIAT.2008.205},
	acmid = {1486988},
	publisher = {IEEE Computer Society},
	address = {Washington, DC, USA},
	keywords = {Web review, multi document summarization},
} 

@misc{Jin,
	author = {Jin, Jian and Ji, Ping and Liu, Ying},
	title = {Product Characteristic Weighting for Designer from Online Reviews: An Ordinal Classification Approach},
	booktitle = {Proceedings of the 2012 Joint EDBT/ICDT Workshops},
	series = {EDBT-ICDT '12},
	year = {2012},
	isbn = {978-1-4503-1143-4},
	location = {Berlin, Germany},
	pages = {33--40},
	numpages = {8},
	url = {http://doi.acm.org/10.1145/2320765.2320784},
	doi = {10.1145/2320765.2320784},
	acmid = {2320784},
	publisher = {ACM},
	address = {New York, NY, USA},
	keywords = {opinion mining, product review, review analysis},
} 

@misc{Lappas,
	author = {Lappas, Theodoros and Crovella, Mark and Terzi, Evimaria},
	title = {Selecting a Characteristic Set of Reviews},
	booktitle = {Proceedings of the 18th ACM SIGKDD International Conference on Knowledge Discovery and Data Mining},
	series = {KDD '12},
	year = {2012},
	isbn = {978-1-4503-1462-6},
	location = {Beijing, China},
	pages = {832--840},
	numpages = {9},
	url = {http://doi.acm.org/10.1145/2339530.2339663},
	doi = {10.1145/2339530.2339663},
	acmid = {2339663},
	publisher = {ACM},
	address = {New York, NY, USA},
	keywords = {customer reviews, review selection, reviews},
} 

@misc{Lopez,
	author = {L\'{o}pez, Claudia and Farzan, Rosta},
	title = {Analysis of Local Online Review Systems As Digital Word-of-mouth},
	booktitle = {Proceedings of the 23rd International Conference on World Wide Web},
	series = {WWW '14 Companion},
	year = {2014},
	isbn = {978-1-4503-2745-9},
	location = {Seoul, Korea},
	pages = {457--462},
	numpages = {6},
	url = {http://dx.doi.org/10.1145/2567948.2576933},
	doi = {10.1145/2567948.2576933},
	acmid = {2576933},
	publisher = {International World Wide Web Conferences Steering Committee},
	address = {Republic and Canton of Geneva, Switzerland},
	keywords = {WOM, interface design, local online review systems},
} 

@misc{Sipos,
	author = {Sipos, Ruben and Ghosh, Arpita and Joachims, Thorsten},
	title = {Was This Review Helpful to You?: It Depends! Context and Voting Patterns in Online Content},
	booktitle = {Proceedings of the 23rd International Conference on World Wide Web},
	series = {WWW '14},
	year = {2014},
	isbn = {978-1-4503-2744-2},
	location = {Seoul, Korea},
	pages = {337--348},
	numpages = {12},
	url = {http://doi.acm.org/10.1145/2566486.2567998},
	doi = {10.1145/2566486.2567998},
	acmid = {2567998},
	publisher = {ACM},
	address = {New York, NY, USA},
	keywords = {human computation, online reviews, ranking, ratings, user feedback, user-generated content},
} 

@misc{Centeno,
	author = {Centeno, Roberto and Hermoso, Ram\'{o}n},
	title = {When Opinion Request Meets Majority Search: Avoiding Fraud in On-line Review Systems},
	booktitle = {Proceedings of the 2015 International Conference on Autonomous Agents and Multiagent Systems},
	series = {AAMAS '15},
	year = {2015},
	isbn = {978-1-4503-3413-6},
	location = {Istanbul, Turkey},
	pages = {1805--1806},
	numpages = {2},
	url = {http://dl.acm.org/citation.cfm?id=2772879.2773446},
	acmid = {2773446},
	publisher = {International Foundation for Autonomous Agents and Multiagent Systems},
	address = {Richland, SC},
	keywords = {fraud, incentives, on-line review systems, opinions},
}